@ONLINE{wiki,
author = {FU Berlin},
title = {BA15 - Rayleigh-Streuung},
month = Oktober,
year = {2011},
url = {https://wiki.physik.fu-berlin.de/fp/},
}
@book{griffiths,
  Author = {David J. Griffiths},
  Title = {Introduction to Electrodynamics (3rd Edition)},
  Publisher = {Addison Wesley},
  Year = {1999},
  ISBN = {013805326X},
}